@article{chan2015pcanet,
  title={PCANet: A simple deep learning baseline for image classification?},
  author={Chan, Tsung-Han and Jia, Kui and Gao, Shenghua and Lu, Jiwen and Zeng, Zinan and Ma, Yi},
  journal={IEEE Transactions on Image Processing},
  volume={24},
  number={12},
  pages={5017--5032},
  year={2015},
  publisher={IEEE}
}

@inproceedings{krizhevsky2012imagenet,
  title={Imagenet classification with deep convolutional neural networks},
  author={Krizhevsky, Alex and Sutskever, Ilya and Hinton, Geoffrey E},
  booktitle={Advances in neural information processing systems},
  pages={1097--1105},
  year={2012}
}